@article{zhao2003face,
  title={Face recognition: A literature survey},
  author={Zhao, Wenyi and Chellappa, Rama and Phillips, P Jonathon and Rosenfeld, Azriel},
  journal={ACM computing surveys (CSUR)},
  volume={35},
  number={4},
  pages={399--458},
  year={2003},
  publisher={ACM}
}

@inproceedings{dean2012large,
  title={Large scale distributed deep networks},
  author={Dean, Jeffrey and Corrado, Greg and Monga, Rajat and Chen, Kai and Devin, Matthieu and Mao, Mark and Senior, Andrew and Tucker, Paul and Yang, Ke and Le, Quoc V and others},
  booktitle={Advances in Neural Information Processing Systems},
  pages={1223--1231},
  year={2012}
}

@incollection{ekenel2009facial,
  title={Why is facial occlusion a challenging problem?},
  author={Ekenel, Haz{\i}m Kemal and Stiefelhagen, Rainer},
  booktitle={Advances in Biometrics},
  pages={299--308},
  year={2009},
  publisher={Springer}
}

@inproceedings{sim2002cmu,
  title={The CMU pose, illumination, and expression (PIE) database},
  author={Sim, Terence and Baker, Simon and Bsat, Maan},
  booktitle={Automatic Face and Gesture Recognition, 2002. Proceedings. Fifth IEEE International Conference on},
  pages={46--51},
  year={2002},
  organization={IEEE}
}

@article{schroff2015facenet,
  title={Facenet: A unified embedding for face recognition and clustering},
  author={Schroff, Florian and Kalenichenko, Dmitry and Philbin, James},
  journal={arXiv preprint arXiv:1503.03832},
  year={2015}
}

@incollection{zeiler2014visualizing,
  title={Visualizing and understanding convolutional networks},
  author={Zeiler, Matthew D and Fergus, Rob},
  booktitle={Computer Vision--ECCV 2014},
  pages={818--833},
  year={2014},
  publisher={Springer}
}

@article{min2013nin,
  title={Network In Network},
  author={Lin, Min and Chen, Qiang and Yan, Shuicheng},
  journal={CoRR, abs/1312.4400},
  year={2013}
}

@article{szegedy2014going,
  title={Going deeper with convolutions},
  author={Szegedy, Christian and Liu, Wei and Jia, Yangqing and Sermanet, Pierre and Reed, Scott and Anguelov, Dragomir and Erhan, Dumitru and Vanhoucke, Vincent and Rabinovich, Andrew},
  journal={arXiv preprint arXiv:1409.4842},
  year={2014}
}

@inproceedings{krizhevsky2012imagenet,
  title={Imagenet classification with deep convolutional neural networks},
  author={Krizhevsky, Alex and Sutskever, Ilya and Hinton, Geoffrey E},
  booktitle={Advances in neural information processing systems},
  pages={1097--1105},
  year={2012}
}

@inproceedings{taigman2014deepface,
  title={Deepface: Closing the gap to human-level performance in face verification},
  author={Taigman, Yaniv and Yang, Ming and Ranzato, Marc'Aurelio and Wolf, Lars},
  booktitle={Computer Vision and Pattern Recognition (CVPR), 2014 IEEE Conference on},
  pages={1701--1708},
  year={2014},
  organization={IEEE}
}

@article{parkhi2015deep,
  title={Deep face recognition},
  author={Parkhi, Omkar M and Vedaldi, Andrea and Zisserman, Andrew},
  journal={Proceedings of the British Machine Vision},
  volume={1},
  number={3},
  pages={6},
  year={2015}
}

@article{simonyan2014very,
  title={Very deep convolutional networks for large-scale image recognition},
  author={Simonyan, Karen and Zisserman, Andrew},
  journal={arXiv preprint arXiv:1409.1556},
  year={2014}
}

@inproceedings{sun2014deep,
  title={Deep learning face representation by joint identification-verification},
  author={Sun, Yi and Chen, Yuheng and Wang, Xiaogang and Tang, Xiaoou},
  booktitle={Advances in Neural Information Processing Systems},
  pages={1988--1996},
  year={2014}
}

@inproceedings{sun2015deeply,
  title={Deeply learned face representations are sparse, selective, and robust},
  author={Sun, Yi and Wang, Xiaogang and Tang, Xiaoou},
  booktitle={Proceedings of the IEEE Conference on Computer Vision and Pattern Recognition},
  pages={2892--2900},
  year={2015}
}

@article{sun2015deepid3,
  title={Deepid3: Face recognition with very deep neural networks},
  author={Sun, Yi and Liang, Ding and Wang, Xiaogang and Tang, Xiaoou},
  journal={arXiv preprint arXiv:1502.00873},
  year={2015}
}

@article{yang2002detecting,
  title={Detecting faces in images: A survey},
  author={Yang, Ming-Hsuan and Kriegman, David J and Ahuja, Narendra},
  journal={Pattern Analysis and Machine Intelligence, IEEE Transactions on},
  volume={24},
  number={1},
  pages={34--58},
  year={2002},
  publisher={IEEE}
}

@article{seo2011face,
  title={Face verification using the LARK representation},
  author={Seo, Hae Jong and Milanfar, Peyman},
  journal={Information Forensics and Security, IEEE Transactions on},
  volume={6},
  number={4},
  pages={1275--1286},
  year={2011},
  publisher={IEEE}
}

@article{goodfellow2013maxout,
  title={Maxout networks},
  author={Goodfellow, Ian J and Warde-Farley, David and Mirza, Mehdi and Courville, Aaron and Bengio, Yoshua},
  journal={arXiv preprint arXiv:1302.4389},
  year={2013}
}

@inproceedings{chopra2005learning,
  title={Learning a similarity metric discriminatively, with application to face verification},
  author={Chopra, Sumit and Hadsell, Raia and LeCun, Yann},
  booktitle={Computer Vision and Pattern Recognition, 2005. CVPR 2005. IEEE Computer Society Conference on},
  volume={1},
  pages={539--546},
  year={2005},
  organization={IEEE}
}

@article{ahonen2006face,
  title={Face description with local binary patterns: Application to face recognition},
  author={Ahonen, Timo and Hadid, Abdenour and Pietikainen, Matti},
  journal={Pattern Analysis and Machine Intelligence, IEEE Transactions on},
  volume={28},
  number={12},
  pages={2037--2041},
  year={2006},
  publisher={IEEE}
}

@inproceedings{hassner2013viewing,
  title={Viewing real-world faces in 3D},
  author={Hassner, Tal},
  booktitle={Proceedings of the IEEE International Conference on Computer Vision},
  pages={3607--3614},
  year={2013}
}

@inproceedings{sun2014deepid,
  title={Deep learning face representation from predicting 10,000 classes},
  author={Sun, Yi and Wang, Xiaogang and Tang, Xiaoou},
  booktitle={Proceedings of the IEEE Conference on Computer Vision and Pattern Recognition},
  pages={1891--1898},
  year={2014}
}

@inproceedings{sermanet2011traffic,
  title={Traffic sign recognition with multi-scale convolutional networks},
  author={Sermanet, Pierre and LeCun, Yann},
  booktitle={Neural Networks (IJCNN), The 2011 International Joint Conference on},
  pages={2809--2813},
  year={2011},
  organization={IEEE}
}

@inproceedings{liu2015faceattributes,
 author = {Ziwei Liu, Ping Luo, Xiaogang Wang, and Xiaoou Tang},
 title = {Deep Learning Face Attributes in the Wild},
 booktitle = {Proceedings of International Conference on Computer Vision (ICCV)},
 month = December,
 year = {2015} 
}